@book{mgtu,
	author="Божко А. Н.",
	title="Компьютерная графика",
	publisher="Изд-во МГТУ им.Н. Э. Баумана",
	year=2007,
	pages="174-177"
}

@book{tpu,
	author="Демин А. Ю.",
	title="Основы компьютерной графики",
	publisher="Изд-во Томского политихнического университета",
	year=2011,
	pages="130-151"
}